@article{koch2007,
  title = {Charge-insensitive qubit design derived from the Cooper pair box},
  author = {Koch, Jens and Yu, Terri M. and Gambetta, Jay and Houck, A. A. and Schuster, D. I. and Majer, J. and Blais, Alexandre and Devoret, M. H. and Girvin, S. M. and Schoelkopf, R. J.},
  journal = {Phys. Rev. A},
  volume = {76},
  issue = {4},
  pages = {042319},
  numpages = {19},
  year = {2007},
  month = {Oct},
  publisher = {American Physical Society},
  doi = {10.1103/PhysRevA.76.042319},
  url = {https://link.aps.org/doi/10.1103/PhysRevA.76.042319}
}

@manual{delta,
 title  = {Superconducting quantum bits},
 author = {Hans Mooij },
 url    =  {https://physicsworld.com/a/superconducting-quantum-bits/},
 year   = {2004}
}

@article{krantz2019,
       author = {{Krantz}, P. and {Kjaergaard}, M. and {Yan}, F. and {Orlando}, T.~P. and
         {Gustavsson}, S. and {Oliver}, W.~D.},
        title = "{A quantum engineer's guide to superconducting qubits}",
      journal = {Applied Physics Reviews},
     keywords = {Quantum Physics, Condensed Matter - Mesoscale and Nanoscale Physics, Physics - Applied Physics},
         year = 2019,
        month = jun,
       volume = {6},
       number = {2},
          eid = {021318},
        pages = {021318},
          doi = {10.1063/1.5089550},
archivePrefix = {arXiv},
       eprint = {1904.06560},
 primaryClass = {quant-ph},
       adsurl = {https://ui.adsabs.harvard.edu/abs/2019ApPRv...6b1318K},
      adsnote = {Provided by the SAO/NASA Astrophysics Data System}
}

@article{braumueller2020,
       author = {{Braum{\"u}ller}, Jochen and {Ding}, Leon and
         {Veps{\"a}l{\"a}inen}, Antti and {Sung}, Youngkyu and
         {Kjaergaard}, Morten and {Menke}, Tim and {Winik}, Roni and
         {Kim}, David and {Niedzielski}, Bethany M. and {Melville}, Alexander and
         {Yoder}, Jonilyn L. and {Hirjibehedin}, Cyrus F. and {Orland
        o}, Terry P. and {Gustavsson}, Simon and {Oliver}, William D.},
        title = "{Characterizing and optimizing qubit coherence based on SQUID geometry}",
      journal = {arXiv e-prints},
     keywords = {Quantum Physics, Condensed Matter - Mesoscale and Nanoscale Physics},
         year = 2020,
        month = feb,
          eid = {arXiv:2002.09372},
        pages = {arXiv:2002.09372},
archivePrefix = {arXiv},
       eprint = {2002.09372},
 primaryClass = {quant-ph},
       adsurl = {https://ui.adsabs.harvard.edu/abs/2020arXiv200209372B},
      adsnote = {Provided by the SAO/NASA Astrophysics Data System}
}


@article{yan2016,
	Author = {Yan, Fei and Gustavsson, Simon and Kamal, Archana and Birenbaum, Jeffrey and Sears, Adam P and Hover, David and Gudmundsen, Ted J. and Rosenberg, Danna and Samach, Gabriel and Weber, S. and Yoder, Jonilyn L. and Orlando, Terry P. and Clarke, John and Kerman, Andrew J. and Oliver, William D.},
	Da = {2016/11/03},
	Date-Added = {2020-05-14 18:02:05 +0200},
	Date-Modified = {2020-05-14 18:02:05 +0200},
	Doi = {10.1038/ncomms12964},
	Id = {Yan2016},
	Isbn = {2041-1723},
	Journal = {Nature Communications},
	Number = {1},
	Pages = {12964},
	Title = {The flux qubit revisited to enhance coherence and reproducibility},
	Ty = {JOUR},
	Url = {https://doi.org/10.1038/ncomms12964},
	Volume = {7},
	Year = {2016},
	Bdsk-Url-1 = {https://doi.org/10.1038/ncomms12964}
}

@article{catelani2011,
  title = {Relaxation and frequency shifts induced by quasiparticles in superconducting qubits},
  author = {Catelani, G. and Schoelkopf, R. J. and Devoret, M. H. and Glazman, L. I.},
  journal = {Phys. Rev. B},
  volume = {84},
  issue = {6},
  pages = {064517},
  numpages = {24},
  year = {2011},
  month = {Aug},
  publisher = {American Physical Society},
  doi = {10.1103/PhysRevB.84.064517},
  url = {https://link.aps.org/doi/10.1103/PhysRevB.84.064517}
}

@article{catelani2011PRL,
  title = {Quasiparticle Relaxation of Superconducting Qubits in the Presence of Flux},
  author = {Catelani, G. and Koch, J. and Frunzio, L. and Schoelkopf, R. J. and Devoret, M. H. and Glazman, L. I.},
  journal = {Phys. Rev. Lett.},
  volume = {106},
  issue = {7},
  pages = {077002},
  numpages = {4},
  year = {2011},
  month = {Feb},
  publisher = {American Physical Society},
  doi = {10.1103/PhysRevLett.106.077002},
  url = {https://link.aps.org/doi/10.1103/PhysRevLett.106.077002}
}

